@article{cameras,
  title={Why Photography Has Become a Human Universal},
  author={Leopold Kislinger and Kurt Kotrschal},
  journal={Frontiers in Psychology},
  year={2021},
}

@misc{filmcameras,
    title="35mm Film cameras [Электронный ресурс]",
    howpublished="Режим доступа URL: \url{https://www.explainthatstuff.com/how-film-cameras-work.html} -- (Дата обращения: 28.11.2022)"
}

@misc{digitalcameras,
    title="How Digital Cameras Work [Электронный ресурс]",
    howpublished="Режим доступа URL: \url{https://electronics.howstuffworks.com/cameras-photography/digital/digital-camera.htm} -- (Дата обращения: 28.11.2022)"
}

@misc{fvsdcameras,
    title="Film vs Digital Photography [Электронный ресурс]",
    howpublished="Режим доступа URL: \url{https://filmlifestyle.com/film-vs-digital-photography/} -- (Дата обращения: 28.11.2022)"
}

@misc{basicnoise,
    title="Noise in Images [Электронный ресурс]",
    howpublished="Режим доступа URL: \url{https://www2.ph.ed.ac.uk/~wjh/teaching/dia/documents/noise.pdf} -- (Дата обращения: 28.11.2022)"
}

@article{noisephysics,
  title={Physics-based Noise Modeling for Extreme Low-light Photography},
  author={Kaixuan Wei and Ying Fu},
  journal={TRANSACTIONS ON PATTERN ANALYSIS AND MACHINE INTELLIGENCE},
  year={2021},
}

@article{noisetypes,
  title={Noise models in digital image processing},
  author={Ajay Kumar Boyat and Brijendra Kumar Joshi},
  journal={Signal & Image Processing : An International Journal},
  year={2015},
}

@article{meanfilter,
  title={Noise Reduction Using Arithmetic Mean Filtering},
  author={Oyesina Kayode Adedotun and Ogunlade Michael Adegoke},
  journal={International Journal of Science and Research},
  year={2017},
}

@article{gaussianfilter,
  title={Free-form surface filtering using wavelets and multiscale decomposition},
  author={X. Jane Jiang and Paul J. Scott},
  journal={Advanced Metrology},
  year={2020},
}

@article{medianfilter,
  title={Median Filtering: A New Insight},
  author={Sebastián A. Villar and Sebastián Torcida and Gerardo G. Acosta},
  journal={Journal of Mathematical Imaging and Vision},
  year={2017},
}

@article{bilateralfilter,
  title={Быстрый метод билатеральной фильтрации изображений},
  author={Михаил Владимирович Филиппов and  Ольга Сергеевна Ермилова},
  journal={Новые информационные технологии в автоматизированных системах},
  year={2017},
}

@article{metrics,
  title={Image quality metrics: PSNR vs. SSIM},
  author={Alain Horé and Djemel Ziou},
  journal={International Conference on Pattern Recognition},
  year={2010},
}

@article{research,
  title={Anisotropic Median Bilateral Filtering},
  author={Kai Yit Kok and Parvathy Rajendran},
  journal={School of Aerospace Engineering},
  year={2020},
}


@article{generalimageprocessing,
  title={Image processing with neural networks},
  author={Egmont Petersen},
  journal={Pattern Recognition},
  year={2002},
}

@article{soms,
  title={Self-Organizing Neural Networks: Recent Advances and Applications},
  author={Udo Seiffert},
  journal={Studies in fuzziness and soft computing},
  year={2002},
}


@misc{neuralnetworkswork,
    title="How do Neural Networks really work?",
    howpublished="Режим доступа URL: \url{https://www.analyticsvidhya.com/blog/2021/12/how-do-neural-networks-really-work/} -- (Дата обращения: 27.04.2023)"
}

@misc{activations,
    title="Activation Functions in Neural Networks?",
    howpublished="Режим доступа URL: \url{https://www.v7labs.com/blog/neural-networks-activation-functions} -- (Дата обращения: 14.04.2023)"
}

@misc{losses,
    title="How Loss Functions Work in Neural Networks and Deep Learning",
    howpublished="Режим доступа URL: \url{https://builtin.com/machine-learning/loss-functions} -- (Дата обращения: 17.04.2023)"
}

@article{backpropagation,
  title={How the backpropagation algorithm works},
  author={Michael Nielsen},
  journal={Neural Networks and Deep Learning},
  year={2019},
}

@misc{neurotypes,
    title="Types of Neural Networks and Definition of Neural Network",
    howpublished="Режим доступа URL: \url{https://www.mygreatlearning.com/blog/types-of-neural-networks/} -- (Дата обращения: 19.04.2023)"
}

@misc{ffn,
    title="Basic Introduction to Feed-Forward Network in Deep Learning",
    howpublished="Режим доступа URL: \url{https://www.analyticsvidhya.com/blog/2022/03/basic-introduction-to-feed-forward-network-in-deep-learning/} -- (Дата обращения: 21.04.2023)"
}

@misc{recurrent,
    title="A Guide to Recurrent Neural Networks",
    howpublished="Режим доступа URL: \url{https://builtin.com/data-science/recurrent-neural-networks-and-lstm} -- (Дата обращения: 22.04.2023)"
}

@article{cnns,
  title={An Introduction to Convolutional Neural Networks},
  author={Keiron O'Shea},
  journal={Neural and Evolutionary Computing},
  year={2015},
}


@misc{capsules,
    title="Capsule Networks: A Quick Primer",
    howpublished="Режим доступа URL: \url{https://blog.paperspace.com/capsule-networks/} -- (Дата обращения: 01.05.2023)"
}

@article{fcns,
  title={Fully Convolutional Networks for Semantic Segmentation},
  author={Jonathan Long and Evan Shelhamer},
  journal={Computer Vision and Pattern Recognition},
  year={2015},
}

@article{unets,
  title={UNet: Convolutional Networks for Biomedical Image Segmentation},
  author={Olaf Ronneberger and Philipp Fischer},
  journal={Computer Vision and Pattern Recognition},
  year={2015},
}

@article{scunet,
  title={Practical Blind Denoising via Swin-Conv-UNet and Data Synthesis},
  author={Kai Zhang and Yawei Li},
  journal={Computer Vision and Pattern Recognition},
  year={2022},
}

@misc{python,
    title="Python 3.11 [Электронный ресурс]",
    howpublished="Режим доступа URL: \url{https://www.python.org/downloads/release/python-3113/} -- (Дата обращения: 22.05.2023)"
}

@misc{pytorch,
    title="PyTorch [Электронный ресурс]",
    howpublished="Режим доступа URL: \url{https://pytorch.org/} -- (Дата обращения: 22.05.2023)"
}

@misc{tensorflow,
    title="TensorFlow [Электронный ресурс]",
    howpublished="Режим доступа URL: \url{https://www.tensorflow.org/} -- (Дата обращения: 22.05.2023)"
}

@misc{vscode,
    title="VS Code [Электронный ресурс]",
    howpublished="Режим доступа URL: \url{https://code.visualstudio.com/} -- (Дата обращения: 22.05.2023)"
}

@misc{sidd,
    title="SIDD [Электронный ресурс]",
    howpublished="Режим доступа URL: \url{https://www.eecs.yorku.ca/~kamel/sidd/} -- (Дата обращения: 22.05.2023)"
}

@misc{renoir,
    title="RENOIR [Электронный ресурс]",
    howpublished="Режим доступа URL: \url{https://ani.stat.fsu.edu/~abarbu/Renoir.html} -- (Дата обращения: 22.05.2023)"
}